<record xmlns:xsi="http://www.w3.org/2001/XMLSchema-instance" xmlns="http://www.loc.gov/MARC21/slim" xsi:schemaLocation="http://www.loc.gov/MARC21/slim http://www.loc.gov/standards/marcxml/schema/MARC21slim.xsd">

  <leader>00627nam a2200181Ia 4500</leader>
  <datafield ind1=" " ind2=" " tag="999">
    <subfield code="c">685</subfield>
    <subfield code="d">685</subfield>
  </datafield>
  <controlfield tag="008">170419b2007    cr ||||| |||| 00| | spa d</controlfield>
  <datafield tag="020" ind2=" " ind1=" ">
    <subfield code="a">9789968911078</subfield>
  </datafield>
  <datafield ind1=" " ind2=" " tag="090">
    <subfield code="a">14.02.02 </subfield>
    <subfield code="b">1755</subfield>
  </datafield>
  <datafield ind2=" " ind1="2" tag="110">
    <subfield code="a">Consejo Nacional de la Persona Adulta Mayor</subfield>
    <subfield code="9">2658</subfield>
  </datafield>
  <datafield ind1="1" ind2="0" tag="245">
    <subfield code="a">Legislación en beneficio de la persona adulta mayor /</subfield>
  </datafield>
  <datafield tag="260" ind2=" " ind1=" ">
    <subfield code="a">Costa Rica : </subfield>
    <subfield code="b">CONAPAM, </subfield>
    <subfield code="c">2007</subfield>
  </datafield>
  <datafield tag="300" ind2=" " ind1=" ">
    <subfield code="a">8 páginas, </subfield>
    <subfield code="c">28 x 22 centímetros</subfield>
  </datafield>
  <datafield ind2=" " ind1=" " tag="490">
    <subfield code="a">Colección desplegables del Consejo Nacional de la Persona Adulta Mayor;</subfield>
    <subfield code="v">2</subfield>
  </datafield>
  <datafield ind2="4" ind1="1" tag="650">
    <subfield code="a">ENVEJECIMIENTO</subfield>
    <subfield code="9">2659</subfield>
  </datafield>
  <datafield tag="650" ind2="4" ind1="1">
    <subfield code="a">TERCERA EDAD </subfield>
    <subfield code="9">2662</subfield>
  </datafield>
  <datafield ind1="1" ind2="4" tag="650">
    <subfield code="a">ASPECTOS LEGALES</subfield>
    <subfield code="9">2193</subfield>
  </datafield>
  <datafield ind2=" " ind1=" " tag="942">
    <subfield code="2">z</subfield>
    <subfield code="c">01</subfield>
  </datafield>
</record>